@article{lynch2005where,
  author       = {Lynch, Clifford},
  title        = {Where Do We Go From Here?},
  subtitle     = {The Next Decade for Digital Libraries},
  journaltitle = {D-Lib Magazine},
  date         = {2005},
  volume       = {11},
  number       = {7/8},
  issn         = {1082-9873},
  doi          = {10.1045/july2005-lynch},
  url          = {http://www.dlib.org/dlib/july05/lynch/07lynch.html},
  urldate      = {2005-08-15},
  langid       = {english},
}

@online{snih2019,
 author  = {Echo24, ÈTK},
 title   = {Nìmecko pøekvapilo husté snì¾ení. Na dálnice museli vyjet silnièáøi},
 journal = {Echo24.cz},
 url     = {https://www.echo24.cz/a/S69aB/nemecko-prekvapilo-huste-snezeni-na-dalnice-museli-vyjet-silnicari},
 urldate = {2019-05-05},
 date = {2019-05-04},
 langid = {czech},
}

@article{osudy2003,
  title={Osudy zvratného posesivního zájmena svùj},
  author={Svìtla Èmejrková},
  journal={Na¹e øeè},
  volume={86},
  number={4},
  pages={181--205},
  year={2003},
  publisher={Ústav pro jazyk èeský, Akademie vìd Èeské republiky},
  url={http://nase-rec.ujc.cas.cz/archiv.php?art=7740}
}